@misc{suppdata,
author = {Jason Cantarella and Harrison Chapman and Matt Mastin},
year = {2015},
howpublished= {http://www.jasoncantarella.com/wordpress/papers/}
}

@misc{oeis,
title = {{The On-Line Encyclopedia of Integer Sequences}},
howpublished = {http://www.oeis.org}
}

@unpublished{chapman2015knotasymp,
  title = {Asymptotic laws for random knot diagrams},
  author = {Chapman, Harrison},
  year = 2016,
  note = {in preparation},
}

@article{Orlandini:2007PRL,
  title = {Ranking Knots of Random, Globular Polymer Rings},
  author = {Baiesi, M. and Orlandini, E. and Stella, A. L.},
  journal = {Phys. Rev. Lett.},
  volume = {99},
  issue = {5},
  pages = {058301},
  numpages = {4},
  year = {2007},
  month = {Aug},
  publisher = {American Physical Society},
  doi = {10.1103/PhysRevLett.99.058301},
  url = {http://link.aps.org/doi/10.1103/PhysRevLett.99.058301}
}

@article{Soteros:1992PSP,
author = {Soteros,C. E. and Sumners,D. W. and Whittington,S. G.},
title = {Entanglement complexity of graphs in $\mathbb{Z}^3$},
journal = {Mathematical Proceedings of the Cambridge Philosophical Society},
volume = {111},
issue = {01},
month = {1},
month = {1},
year = {1992},
issn = {1469-8064},
pages = {75--91},
numpages = {17},
doi = {10.1017/S0305004100075174},
URL = {http://journals.cambridge.org/article_S0305004100075174},
}

@article {Diao:1993JKTR,
    AUTHOR = {Diao, Yuanan and Pippenger, Nicholas and Sumners, De Witt},
     TITLE = {On random knots},
      NOTE = {Random knotting and linking (Vancouver, BC, 1993)},
   JOURNAL = {J. Knot Theory Ramifications},
  FJOURNAL = {Journal of Knot Theory and its Ramifications},
    VOLUME = {3},
      YEAR = {1994},
    NUMBER = {3},
     PAGES = {419--429},
      ISSN = {0218-2165},
   MRCLASS = {57M25 (60C05 60D05 60J05)},
  MRNUMBER = {1291869},
       DOI = {10.1142/S0218216594000307},
       URL = {http://dx.doi.org/10.1142/S0218216594000307},
}

@article {MR1247576,
    AUTHOR = {Diao, Yuanan},
     TITLE = {Minimal knotted polygons on the cubic lattice},
   JOURNAL = {J. Knot Theory Ramifications},
  FJOURNAL = {Journal of Knot Theory and its Ramifications},
    VOLUME = {2},
      YEAR = {1993},
    NUMBER = {4},
     PAGES = {413--425},
      ISSN = {0218-2165},
   MRCLASS = {57M15 (05C10 57M25 82B41)},
  MRNUMBER = {1247576},
MRREVIEWER = {E. J. Janse van Rensburg},
       DOI = {10.1142/S0218216593000234},
       URL = {http://dx.doi.org/10.1142/S0218216593000234},
}
